@misc{01,
    title = {Android market-share,},
     howpublished = {\url{https://www.netmarketshare.com/operating-system-market-share.aspx?qprid=8&qpcustomd=1}},

}
@misc{02,
    title = {Schadler T. Mobile engagement providers will be a new \$32.4 billion market by 2018,},
     howpublished = {\url{http://www.forbes.com/sites/forrester/2013/08/09/mobile-engagement-providers-will-be-a-new-32-4
	  \
	  -billion-market-by-2018}},
  
}
@misc{03,
  title={An assembler/disassembler for android¡¯s dex format. Google Code},
  author={Freke, J},
  year={2013}
}
@inproceedings{04,
  title={Security Analysis and Protection Based on Smali Injection for Android Applications},
  author={Xu, Junfeng and Li, Shoupeng and Zhang, Tao},
  booktitle={International Conference on Algorithms and Architectures for Parallel Processing},
  pages={577--586},
  year={2014},
  organization={Springer}
}
@inproceedings{05,
  title={On the (im) possibility of obfuscating programs},
  author={Barak, Boaz and Goldreich, Oded and Impagliazzo, Rusell and Rudich, Steven and Sahai, Amit and Vadhan, Salil and Yang, Ke},
  booktitle={Annual International Cryptology Conference},
  pages={1--18},
  year={2001},
  organization={Springer}
}
@article{06,
  title={The control flow of confusion for Android mobile application},
  author={Zheng Qi, Xu Aiguo},
  year={2014}
}
@phdthesis{07,
  title={Research and realization on Android software protection technology},
  author={Liu Jinliang},
  school={Beijing University of Posts and Telecommunications},
  year={2015},
}
@mastersthesis{08,
  title={Research and implementation of code obfuscation algorithms for applications of And  smartphone terminal},
  author={Zheng Qi},
  year={2015},
  school={Beijing University of Posts and Telecommunications}
}
@misc{09,
    title = {Proguard,},
     howpublished = {\url{http://proguard.sourceforge.net/}},

}
@inproceedings{10,
  title={Android app protection via interpretation obfuscation},
  author={Shu, Junliang and Li, Juanru and Zhang, Yuanyuan and Gu, Dawu},
  booktitle={Dependable, Autonomic and Secure Computing (DASC), 2014 IEEE 12th International Conference on},
  pages={63--68},
  year={2014},
  organization={IEEE}
}
@misc{11,
  title={A method of the depth of the Android application code confusion},
  author={Wang Dejia, Song Chao, Liu Jiajun},
  publisher={CN},
  year={2014},
}
@inproceedings{12,
  title={Semantic-based code obfuscation by abstract interpretation},
  author={Dalla Preda, Mila and Giacobazzi, Roberto},
  booktitle={International Colloquium on Automata, Languages, and Programming},
  pages={1325--1336},
  year={2005},
  organization={Springer}
}
@article{13,
  title={The Research of Multi-point Function Opaque Predicates Obfuscation Algorithm},
  author={Yang, Yubo and Fan, Wenqing and Huang, Wei and Xu, Guoai and Yang, Yixian},
  journal={Appl. Math},
  volume={8},
  number={6},
  pages={3063--3070},
  year={2014}
}
@misc{14,
    title = {Application,},
     howpublished = {\url{ https://developer.android.com/reference/android/app/Application.html?hl=zh-cn}},

}
@misc{15,
    title = {Java Native Interface-JNI,},
     howpublished = {\url{http://developer.android.com/intl/ zh-cn/training/ articles/perf-jni.html}},

}
@techreport{16,
  title={A taxonomy of obfuscating transformations},
  author={Collberg, Christian and Thomborson, Clark and Low, Douglas},
  year={1997},
  institution={Department of Computer Science, The University of Auckland, New Zealand}
}
@inproceedings{17,
  title={Constructing Opaque Predicates for Java Programs},
  author={Yuan, Zheng and Wen, Qiaoyan and Mao, Ming},
  booktitle={2006 International Conference on Computational Intelligence and Security},
  year={2006}
}
@article{18,
  title={The Research of Multi-point Function Opaque Predicates Obfuscation Algorithm},
  author={Yang, Yubo and Fan, Wenqing and Huang, Wei and Xu, Guoai and Yang, Yixian},
  journal={Appl. Math},
  volume={8},
  number={6},
  pages={3063--3070},
  year={2014}
}
@article{19,
  title={The dalvik virtual machine architecture},
  author={Ehringer, David},
  journal={Techn. report (March 2010)},
  volume={4},
  pages={8},
  year={2010}
}
@article{20,
  title={Code protection in android},
  author={Schulz, Patrick},
  journal={Insititute of Computer Science, Rheinische Friedrich-Wilhelms-Universitgt Bonn, Germany},
  volume={110},
  year={2012}
}
@phdthesis{21,
  title={Code obfuscation and virus detection},
  author={Venkatesan, Ashwini},
  year={2008},
  school={San Jose State University}
}
@inproceedings{22,
  title={Code obfuscation against static and dynamic reverse engineering},
  author={Schrittwieser, Sebastian and Katzenbeisser, Stefan},
  booktitle={International Workshop on Information Hiding},
  pages={270--284},
  year={2011},
  organization={Springer}
}
@inproceedings{23,
  title={Shielding android application against reverse engineering},
  author={Ghosh, Sudipta and Tandan, SR and Lahre, Kamlesh},
  booktitle={International Journal of Engineering Research and Technology},
  volume={2},
  number={6 (June-2013)},
  year={2013},
  organization={ESRSA Publications}
}
@phdthesis{24,
  title={JShield: A java anti-reversing tool},
  author={Kundu, Deepti},
  year={2011},
  school={San Jos{\'e} State University}
} 
@misc{25,
    title = {Dexguard,},
     howpublished = {\url{https://www.guardsquare.com/dexguard}},

}
@article{26,
  title={Smart Card Based Protection for Dalvik Bytecode--Dynamically Loadable Component of an Android APK},
  author={Shoaib, Muhammad and Yasin, Noor and Abbassi, Abdul G},
  journal={International Journal of Computer Theory and Engineering},
  volume={8},
  number={2},
  pages={156},
  year={2016},
  publisher={IACSIT Press}
}
@article{27,
  title={Control flow obfuscation for android applications},
  author={Balachandran, Vivek and Sufatrio and Tan, Darell J. J. and Thing, Vrizlynn L. L.},
  journal={Computers \& Security},
}
@article{28,
  title={Research of Cloud Security Communication Firewall Based on Android Platform},
  author={Cai, Miao and Hou, Qinsheng and Jing, Fangfang and Ding, Qiao and Cai, Miao and Hou, Qinsheng and Jing, Fangfang and Ding, Qiao},
  journal={ICCSEE-13},
  year={2013},
}
@article{29,
  title={An Educational Firewall App for Android Mobile Phones},
  author={Trabelsi, Zouheir},
  year={2015},
}
@inproceedings{30,
  title={TaintDroid: An Information-Flow Tracking System for Realtime Privacy Monitoring on Smartphones},
  author={Enck, William and Gilbert, Peter and Han, Seungyeop and Tendulkar, Vasant and Chun, Byung Gon and Cox, Landon P. and Jung, Jaeyeon and Mcdaniel, Patrick and Sheth, Anmol N.},
  booktitle={Usenix Conference on Operating Systems Design \& Implementation},
  pages={393-407},
  year={2015},
}
@article{31,
  title={FlowDroid: Precise Context, Flow, Field, Object-sensitive and Lifecycle-aware Taint Analysis for Android Apps},
  author={Arzt, Steven and Rasthofer, Siegfried and Fritz, Christian and Bodden, Eric and Bartel, Alexandre and Klein, Jacques and Traon, Yves Le and Octeau, Damien and Mcdaniel, Patrick},
  journal={Acm Sigplan Notices},
  volume={49},
  number={6},
  pages={259-269},
  year={2014},
}
@article{32,
  title={On the Effectiveness of Malware Protection on Android. An Evaluation of Android Antivirus Apps},
  author={Fedler, Rafael and Sch¨¹tte, Julian and Kulicke, Marcel},
  year={2013},
}
@misc{33,
    title = {apktool,},
     howpublished = {\url{https://www.guardsquare.com/dexguard}},

}
@misc{34,
    title = {IDApro,},
     howpublished = {\url{https://www.hex-rays.com/products/ida}},

}
@misc{35,
    title = {DexVerify.cpp,},
     howpublished = {\url{http://androidxref.com/4.2.2_r1/xref/dalvik/vm/analysis/DexVerify.cpp}},

}
@misc{36,
    title = {CodeVerify.cpp,},
     howpublished = {\url{http://androidxref.com/4.2.2_r1/xref/dalvik/vm/analysis/CodeVerify.cpp}},

}



